@article{r01,
	title={Longitudinal changes in cognition and behavior in asymptomatic carriers of the APOE e4 allele},
	author={Caselli, Richard J and Reiman, EM and Osborne, D and Hentz, JG and Baxter, LC and Hernandez, JL and Alexander, GG},
	journal={Neurology},
	volume={62},
	number={11},
	pages={1990--1995},
	year={2004},
	publisher={AAN Enterprises}
}

@article{r02,
	title={Forecasting the global burden of Alzheimer’s disease},
	author={Brookmeyer, Ron and Johnson, Elizabeth and Ziegler-Graham, Kathryn and Arrighi, H Michael},
	journal={Alzheimer's \& dementia},
	volume={3},
	number={3},
	pages={186--191},
	year={2007},
	publisher={Elsevier}
}

@article{r03,
	title={EEG markers for characterizing anomalous activities of cerebral neurons in NAT (neuronal activity topography) method},
	author={Musha, Toshimitsu and Matsuzaki, Haruyasu and Kobayashi, Yohei and Okamoto, Yoshiwo and Tanaka, Mieko and Asada, Takashi},
	journal={IEEE Transactions on biomedical Engineering},
	volume={60},
	number={8},
	pages={2332--2338},
	year={2013},
	publisher={IEEE}
}
@article{r23,
	title={Memory encoding in Alzheimer's disease: an fMRI study of explicit and implicit memory},
	author={Golby, Alexandra and Silverberg, Gerald and Race, Elizabeth and Gabrieli, Susan and O'Shea, James and Knierim, Kyle and Stebbins, Glenn and Gabrieli, John},
	journal={Brain},
	volume={128},
	number={4},
	pages={773--787},
	year={2005},
	publisher={Oxford University Press}
}
@article{r04,
	title={Functional brain connectivity using fMRI in aging and Alzheimer’s disease},
	author={Dennis, Emily L and Thompson, Paul M},
	journal={Neuropsychology review},
	volume={24},
	number={1},
	pages={49--62},
	year={2014},
	publisher={Springer}
}
@article{r33,
	title={Principal components of functional connectivity: a new approach to study dynamic brain connectivity during rest},
	author={Leonardi, Nora and Richiardi, Jonas and Gschwind, Markus and Simioni, Samanta and Annoni, Jean-Marie and Schluep, Myriam and Vuilleumier, Patrik and Van De Ville, Dimitri},
	journal={NeuroImage},
	volume={83},
	pages={937--950},
	year={2013},
	publisher={Elsevier}
}
@article{r34,
	title={Functional connectivity in a baseline resting-state network in autism},
	author={Cherkassky, Vladimir L and Kana, Rajesh K and Keller, Timothy A and Just, Marcel Adam},
	journal={Neuroreport},
	volume={17},
	number={16},
	pages={1687--1690},
	year={2006},
	publisher={LWW}
}
@article{r09,
	title={Defining nodes in complex brain networks},
	author={Stanley, Matthew Lawrence and Moussa, Malaak Nasser and Paolini, Brielle and Lyday, Robert Gray and Burdette, Jonathan H and Laurienti, Paul J},
	journal={Frontiers in computational neuroscience},
	volume={7},
	pages={169},
	year={2013},
	publisher={Frontiers}
}

@article{r36,
	title={A comprehensive analysis of resting state fMRI measures to classify individual patients with Alzheimer's disease},
	author={de Vos, Frank and Koini, Marisa and Schouten, Tijn M and Seiler, Stephan and van der Grond, Jeroen and Lechner, Anita and Schmidt, Reinhold and de Rooij, Mark and Rombouts, Serge ARB},
	journal={Neuroimage},
	volume={167},
	pages={62--72},
	year={2018},
	publisher={Elsevier}
}
@article{r37,
	title={Automatic classification of patients with Alzheimer's disease from structural MRI: a comparison of ten methods using the ADNI database},
	author={Cuingnet, R{\'e}mi and Gerardin, Emilie and Tessieras, J{\'e}r{\^o}me and Auzias, Guillaume and Leh{\'e}ricy, St{\'e}phane and Habert, Marie-Odile and Chupin, Marie and Benali, Habib and Colliot, Olivier and Alzheimer's Disease Neuroimaging Initiative and others},
	journal={neuroimage},
	volume={56},
	number={2},
	pages={766--781},
	year={2011},
	publisher={Elsevier}
}
@article{r38,
	title={Functional and effective connectivity: a review},
	author={Friston, Karl J},
	journal={Brain connectivity},
	volume={1},
	number={1},
	pages={13--36},
	year={2011},
	publisher={Mary Ann Liebert, Inc. 140 Huguenot Street, 3rd Floor New Rochelle, NY 10801 USA}
}
@article{r55,
	title={Principal components of functional connectivity: a new approach to study dynamic brain connectivity during rest},
	author={Leonardi, Nora and Richiardi, Jonas and Gschwind, Markus and Simioni, Samanta and Annoni, Jean-Marie and Schluep, Myriam and Vuilleumier, Patrik and Van De Ville, Dimitri},
	journal={NeuroImage},
	volume={83},
	pages={937--950},
	year={2013},
	publisher={Elsevier}
}
@article{r54,
	title={Resting state network modularity along the prodromal late onset Alzheimer's disease continuum},
	author={Contreras, Joey A and Avena-Koenigsberger, Andrea and Risacher, Shannon L and West, John D and Tallman, Eileen and McDonald, Brenna C and Farlow, Martin R and Apostolova, Liana G and Go{\~n}i, Joaqu{\'\i}n and Dzemidzic, Mario and others},
	journal={NeuroImage: Clinical},
	volume={22},
	pages={101687},
	year={2019},
	publisher={Elsevier}
}
@article{r60,
	title={A novel extension of Generalized Low-Rank Approximation of Matrices based on multiple-pairs of transformations},
	author={Ahmadi, Soheil and Rezghi, Mansoor},
	journal={arXiv preprint arXiv:1808.10632},
	year={2018}
}






@inproceedings{n1,
	title={Identifying network correlates of brain states using tensor decompositions of whole-brain dynamic functional connectivity},
	author={Leonardi, Nora and Van De Ville, Dimitri},
	booktitle={2013 International Workshop on Pattern Recognition in Neuroimaging},
	pages={74--77},
	year={2013},
	organization={IEEE}
}
@article{n2,
	title={Multifactor analysis for fmri brain image classification by subject and motor task},
	author={Park, Sung Won},
	journal={Electrical and computer engineering technical report},
	year={2011}
}
@article{n3,
	title={Tensor Based Temporal and Multilayer Community Detection for Studying Brain Dynamics During Resting State fMRI},
	author={Al-sharoa, Esraa and Al-khassaweneh, Mahmood and Aviyente, Selin},
	journal={IEEE Transactions on Biomedical Engineering},
	volume={66},
	number={3},
	pages={695--709},
	year={2018},
	publisher={IEEE}
}
@inproceedings{n4,
	title={Multi-scale higher order singular value decomposition (MS-HoSVD) for resting-state FMRI compression and analysis},
	author={Ozdemir, Alp and Villafane-Delgado, Marisel and Zhu, David C and Iwen, Mark A and Aviyente, Selin},
	booktitle={2017 IEEE International Conference on Acoustics, Speech and Signal Processing (ICASSP)},
	pages={6299--6303},
	year={2017},
	organization={IEEE}
}
@inproceedings{n5,
	title={Multi-way multi-level kernel modeling for neuroimaging classification},
	author={He, Lifang and Lu, Chun-Ta and Ding, Hao and Wang, Shen and Shen, Linlin and Yu, Philip S and Ragin, Ann B},
	booktitle={Proceedings of the IEEE Conference on Computer Vision and Pattern Recognition},
	pages={356--364},
	year={2017}
}

@inproceedings{n6,
	title={Spatio-temporal tensor analysis for whole-brain fmri classification},
	author={Ma, Guixiang and He, Lifang and Lu, Chun-Ta and Yu, Philip S and Shen, Linlin and Ragin, Ann B},
	booktitle={Proceedings of the 2016 SIAM International Conference on Data Mining},
	pages={819--827},
	year={2016},
	organization={SIAM}
}
@article{GLRAM,
	title={Generalized low rank approximations of matrices},
	author={Ye, Jieping},
	journal={Machine Learning},
	volume={61},
	number={1-3},
	pages={167--191},
	year={2005},
	publisher={Springer}
}
@article{r64,
	title={A novel fast tensor-based preconditioner for image restoration},
	author={Rezghi, Mansoor},
	journal={IEEE Transactions on Image Processing},
	volume={26},
	number={9},
	pages={4499--4508},
	year={2017},
	publisher={IEEE}
}

@article{r14,
	title={Functional brain network classification with compact representation of SICE matrices},
	author={Zhang, Jianjia and Zhou, Luping and Wang, Lei and Li, Wanqing},
	journal={IEEE Transactions on Biomedical Engineering},
	volume={62},
	number={6},
	pages={1623--1634},
	year={2015},
	publisher={IEEE}
}
@article{r14a,
	title={High-order resting-state functional connectivity network for MCI classification},
	author={Chen, Xiaobo and Zhang, Han and Gao, Yue and Wee, Chong-Yaw and Li, Gang and Shen, Dinggang and Alzheimer's Disease Neuroimaging Initiative},
	journal={Human brain mapping},
	volume={37},
	number={9},
	pages={3282--3296},
	year={2016},
	publisher={Wiley Online Library}
}

@article{r25,
	title={Regional coherence changes in the early stages of Alzheimer’s disease: a combined structural and resting-state functional MRI study},
	author={He, Yong and Wang, Liang and Zang, Yufeng and Tian, Lixia and Zhang, Xinqing and Li, Kuncheng and Jiang, Tianzi},
	journal={Neuroimage},
	volume={35},
	number={2},
	pages={488--500},
	year={2007},
	publisher={Elsevier}
}
@article{r26,
	title={The effects of aging and Alzheimer's disease on cerebral cortical anatomy: specificity and differential relationships with cognition},
	author={Bakkour, Akram and Morris, John C and Wolk, David A and Dickerson, Bradford C},
	journal={Neuroimage},
	volume={76},
	pages={332--344},
	year={2013},
	publisher={Elsevier}
}

@article{r27,
	title={Visual cortex in aging and Alzheimer's disease: changes in visual field maps and population receptive fields},
	author={Brewer, Alyssa A and Barton, Brian},
	journal={Frontiers in psychology},
	volume={5},
	pages={74},
	year={2014},
	publisher={Frontiers}
}
@article{r28,
	title={Why musical memory can be preserved in advanced Alzheimer’s disease},
	author={Jacobsen, J{\"o}rn-Henrik and Stelzer, Johannes and Fritz, Thomas Hans and Ch{\'e}telat, Gael and La Joie, Renaud and Turner, Robert},
	journal={Brain},
	volume={138},
	number={8},
	pages={2438--2450},
	year={2015},
	publisher={Oxford University Press}
}

@article{r29,
	title={Phospholipids and Alzheimer’s disease: alterations, mechanisms and potential biomarkers},
	author={Kosicek, Marko and Hecimovic, Silva},
	journal={International journal of molecular sciences},
	volume={14},
	number={1},
	pages={1310--1322},
	year={2013},
	publisher={Multidisciplinary Digital Publishing Institute}
}

@article{r30,
	title={Magnetic resonance imaging biomarkers for the early diagnosis of Alzheimer's disease: a machine learning approach},
	author={Salvatore, Christian and Cerasa, Antonio and Battista, Petronilla and Gilardi, Maria Carla and Quattrone, Aldo and Castiglioni, Isabella},
	journal={Frontiers in neuroscience},
	volume={9},
	pages={307},
	year={2015},
	publisher={Frontiers}
}
@article{r35,
	title={Classification and prediction of brain disorders using functional connectivity: promising but challenging},
	author={Du, Yuhui and Fu, Zening and Calhoun, Vince D},
	journal={Frontiers in neuroscience},
	volume={12},
	year={2018},
	publisher={Frontiers Media SA}
}

@article{r40,
	title={Reconsidering harbingers of dementia: progression of parietal lobe white matter hyperintensities predicts Alzheimer's disease incidence},
	author={Brickman, Adam M and Zahodne, Laura B and Guzman, Vanessa A and Narkhede, Atul and Meier, Irene B and Griffith, Erica Y and Provenzano, Frank A and Schupf, Nicole and Manly, Jennifer J and Stern, Yaakov and others},
	journal={Neurobiology of aging},
	volume={36},
	number={1},
	pages={27--32},
	year={2015},
	publisher={Elsevier}
}
@article{r41,
	title={Topography of cortical microbleeds in Alzheimer’s disease with and without cerebral amyloid angiopathy: a post-mortem 7.0-tesla MRI Study},
	author={De Reuck, J and Auger, F and Durieux, N and Deramecourt, V and Cordonnier, C and Pasquier, F and Maurage, CA and Leys, D and Bordet, R},
	journal={Aging and disease},
	volume={6},
	number={6},
	pages={437},
	year={2015},
	publisher={JKL International LLC}
}
@article{r42,
	title={The impact of bilingualism on brain reserve and metabolic connectivity in Alzheimer's dementia},
	author={Perani, Daniela and Farsad, Mohsen and Ballarini, Tommaso and Lubian, Francesca and Malpetti, Maura and Fracchetti, Alessandro and Magnani, Giuseppe and March, Albert and Abutalebi, Jubin},
	journal={Proceedings of the National Academy of Sciences},
	volume={114},
	number={7},
	pages={1690--1695},
	year={2017},
	publisher={National Acad Sciences}
}
@article{r43,
	title={Subcortical volume changes in dementia with Lewy bodies and Alzheimer's disease. A comparison with healthy aging},
	author={Watson, Rosie and Colloby, Sean J and Blamire, Andrew M and O’Brien, John T},
	journal={International psychogeriatrics},
	volume={28},
	number={4},
	pages={529--536},
	year={2016},
	publisher={Cambridge University Press}
}

@article{r44,
	title={Changes in thalamic connectivity in the early and late stages of amnestic mild cognitive impairment: a resting-state functional magnetic resonance study from ADNI},
	author={Cai, Suping and Huang, Liyu and Zou, Jia and Jing, Longlong and Zhai, Buzhong and Ji, Gongjun and von Deneen, Karen M and Ren, Junchan and Ren, Aifeng and Alzheimer’s Disease Neuroimaging Initiative and others},
	journal={PloS one},
	volume={10},
	number={2},
	pages={e0115573},
	year={2015},
	publisher={Public Library of Science}
}
@article{r45,
	title={Progressively disrupted intrinsic functional connectivity of basolateral amygdala in very early Alzheimer’s disease},
	author={Ortner, Marion and Pasquini, Lorenzo and Barat, Martina and Alexopoulos, Panagiotis and Grimmer, Timo and F{\"o}rster, Stefan and Diehl-Schmid, Janine and Kurz, Alexander and F{\"o}rstl, Hans and Zimmer, Claus and others},
	journal={Frontiers in neurology},
	volume={7},
	pages={132},
	year={2016},
	publisher={Frontiers}
}
@article{r46,
	title={Early-stage differentiation between presenile Alzheimer’s disease and frontotemporal dementia using arterial spin labeling MRI},
	author={Steketee, Rebecca ME and Bron, Esther E and Meijboom, Rozanna and Houston, Gavin C and Klein, Stefan and Mutsaerts, Henri JMM and Orellana, Carolina P Mendez and de Jong, Frank Jan and van Swieten, John C and van der Lugt, Aad and others},
	journal={European radiology},
	volume={26},
	number={1},
	pages={244--253},
	year={2016},
	publisher={Springer}
}
@article{r47,
	title={Loss of ‘small-world’networks in Alzheimer's disease: graph analysis of FMRI resting-state functional connectivity},
	author={Sanz-Arigita, Ernesto J and Schoonheim, Menno M and Damoiseaux, Jessica S and Rombouts, Serge ARB and Maris, Erik and Barkhof, Frederik and Scheltens, Philip and Stam, Cornelis J},
	journal={PloS one},
	volume={5},
	number={11},
	pages={e13788},
	year={2010},
	publisher={Public Library of Science}
}

@article{r48,
	title={Multimodal classification of Alzheimer's disease and mild cognitive impairment},
	author={Zhang, Daoqiang and Wang, Yaping and Zhou, Luping and Yuan, Hong and Shen, Dinggang and Alzheimer's Disease Neuroimaging Initiative and others},
	journal={Neuroimage},
	volume={55},
	number={3},
	pages={856--867},
	year={2011},
	publisher={Elsevier}
}
@article{r32,
	title={The cerebellum in Alzheimer’s disease: evaluating its role in cognitive decline},
	author={Jacobs, Heidi IL and Hopkins, David A and Mayrhofer, Helen C and Bruner, Emiliano and van Leeuwen, Fred W and Raaijmakers, Wijnand and Schmahmann, Jeremy D},
	journal={Brain},
	volume={141},
	number={1},
	pages={37--47},
	year={2017},
	publisher={Oxford University Press}
}