@article{caselli2004longitudinal,
  title={Longitudinal changes in cognition and behavior in asymptomatic carriers of the APOE e4 allele},
  author={Caselli, Richard J and Reiman, EM and Osborne, D and Hentz, JG and Baxter, LC and Hernandez, JL and Alexander, GG},
  journal={Neurology},
  volume={62},
  number={11},
  pages={1990--1995},
  year={2004},
  publisher={AAN Enterprises}
}
